% Use this file for citations not found in the ACL Anthology (contained in "anthology.bib").



@article{eldan2023tinystories,
  title={Tinystories: How small can language models be and still speak coherent english?},
  author={Eldan, Ronen and Li, Yuanzhi},
  journal={arXiv preprint arXiv:2305.07759},
  year={2023}
}


@article{pang2005seeing,
  title={Seeing stars: Exploiting class relationships for sentiment categorization with respect to rating scales},
  author={Pang, Bo and Lee, Lillian},
  journal={arXiv preprint cs/0506075},
  year={2005}
}



@article{touvron2023llama,
  title={Llama 2: Open foundation and fine-tuned chat models},
  author={Touvron, Hugo and Martin, Louis and Stone, Kevin and Albert, Peter and Almahairi, Amjad and Babaei, Yasmine and Bashlykov, Nikolay and Batra, Soumya and Bhargava, Prajjwal and Bhosale, Shruti and others},
  journal={arXiv preprint arXiv:2307.09288},
  year={2023}
}

@article{chen2024survey,
  title={A survey on evaluating large language models in code generation tasks},
  author={Chen, Liguo and Guo, Qi and Jia, Hongrui and Zeng, Zhengran and Wang, Xin and Xu, Yijiang and Wu, Jian and Wang, Yidong and Gao, Qing and Wang, Jindong and others},
  journal={arXiv preprint arXiv:2408.16498},
  year={2024}
}